<?xml version="1.0" encoding="UTF-8"?><collection xmlns="http://www.loc.gov/MARC21/slim"><record><leader>00478nam--2200145-i-4500</leader><controlfield tag="001">000006181</controlfield><controlfield tag="002">20161230</controlfield><controlfield tag="005">20170208151828</controlfield><controlfield tag="008">060222s1000------------r-----000-0-eng-d</controlfield><datafield ind1=" " ind2=" " tag="245"><subfield code="a">Elsevier s dictionary of general physics in six languages: english/american/french/spanish/italian/dutch and german. compiled by ..</subfield></datafield><datafield ind1=" " ind2=" " tag="260"><subfield code="a">Amsterdam</subfield><subfield code="b">Elsevier Publ.Co</subfield><subfield code="c">1962</subfield></datafield><datafield ind1=" " ind2=" " tag="300"><subfield code="a">859 p</subfield></datafield><datafield ind1=" " ind2=" " tag="700"><subfield code="a">Clason, W. E</subfield></datafield><datafield ind1=" " ind2=" " tag="852"><subfield code="a">53(038):801.323.9+800.935</subfield></datafield><datafield ind1=" " ind2=" " tag="CAT"><subfield code="a">SYS</subfield><subfield code="c">20170208</subfield><subfield code="h">151828</subfield></datafield></record></collection>